@misc{henning_schulzrinne,
	title = {Writing Systems and Networking Articles},
	url = {http://www.cs.columbia.edu/~hgs/etc/writing-style.html},
	urldate = {2017-09-20},
	author = {{Henning Schulzrinne}}
}
@misc{javaloc,
    title = {GeoLite2 Free Downloadable Databases},
    url={https://dev.maxmind.com/geoip/geoip2/geolite2/},
    author={{MaxMind}},
    urldate={2018}
}
@misc{philip_koopman,
	title = {How to Write an Abstract},
	url = {https://users.ece.cmu.edu/~koopman/essays/abstract.html},
	urldate = {2017-09-20},
	author = {{Philip Koopman}}
}

@book{talbot2013,
  author    = "Nicola L. C. Talbot",
  title     = "Using {\LaTeX} to Write a PhD Thesis",
  publisher = "Dickimaw Books",
  series    = "Dickimaw {\LaTeX} Series",
  volume    = 2,
  isbn      = "978-1-909440-02-9",
  address   = "Norfolk, UK",
  year      = 2013 ,
  url       = {http://www.dickimaw-books.com/latex/thesis/}
}
